<record><leader>00000cas a2200000 a 4500</leader><controlfield tag="001">12984841</controlfield><controlfield tag="008">860107d19131920ksuwr ne      0    0eng d</controlfield><datafield ind1=" " ind2=" " tag="010"><subfield code="a">sn 85066742 </subfield></datafield><datafield ind1=" " ind2=" " tag="040"><subfield code="a">KSH</subfield><subfield code="b">eng</subfield><subfield code="c">KSH</subfield><subfield code="d">NPT</subfield><subfield code="d">OCL</subfield><subfield code="d">OCLCQ</subfield></datafield><datafield ind1=" " ind2=" " tag="042"><subfield code="a">msc</subfield></datafield><datafield ind1="0" ind2="4" tag="245"><subfield code="a">The Bonner Springs herald.</subfield></datafield><datafield ind1=" " ind2=" " tag="260"><subfield code="a">Bonner Springs, Kan. :</subfield><subfield code="b">S.F. Davidson and A.W. Dornon,</subfield><subfield code="c">-1920.</subfield></datafield><datafield ind1=" " ind2=" " tag="300"><subfield code="a">v. :</subfield><subfield code="b">ill. ;</subfield><subfield code="c">54-59 cm.</subfield></datafield><datafield ind1=" " ind2=" " tag="310"><subfield code="a">Weekly</subfield></datafield><datafield ind1="0" ind2=" " tag="362"><subfield code="a">-v. 7, no. 29 (Mar. 25, 1920).</subfield></datafield><datafield ind1="1" ind2=" " tag="362"><subfield code="a">Began in 1913.</subfield><subfield code="z">Cf. Ayer, 1916.</subfield></datafield><datafield ind1=" " ind2=" " tag="500"><subfield code="a">Published by C.W. Lashbrook, Nov. 29, 1917-Mar. 25, 1920.</subfield></datafield><datafield ind1=" " ind2=" " tag="525"><subfield code="a">Includes supplements.</subfield></datafield><datafield ind1=" " ind2=" " tag="588"><subfield code="a">Description based on: Vol. 4, no. 6 (June 21, 1916).</subfield></datafield><datafield ind1=" " ind2=" " tag="752"><subfield code="a">United States</subfield><subfield code="b">Kansas</subfield><subfield code="c">Wyandotte</subfield><subfield code="d">Bonner Springs.</subfield></datafield><datafield ind1="0" ind2="7" tag="785"><subfield code="t">Bonner Springs chieftain (Bonner Springs, Kan. : 1900)</subfield><subfield code="w">(DLC)sn 85066747</subfield></datafield><datafield ind1="0" ind2="7" tag="785"><subfield code="t">Bonner Springs chieftain and the Bonner Springs herald</subfield><subfield code="w">(DLC)sn 85066752</subfield></datafield><datafield ind1="1" ind2=" " tag="029"><subfield code="a">AU@</subfield><subfield code="b">000022170273</subfield></datafield></record>